@online{irisdataset,
    author="R.A Fisher",
    title = "Iris",
    url  = "https://archive.ics.uci.edu/ml/datasets/Iris",
    addendum = "(accessed: 02.09.2020)"
}

@article{edited_knn,
    author="Dennis L. Wilson",
    title = "Asymptotic Properties of Nearest Neighbor Rules Using Edited Data",
    journal = "IEEE Transactions on Systems, Man, and Cybernetics",
    pages = "408-421",
    year = "1972"
}

