@online{irisdataset,
    author="R.A Fisher",
    title = "Iris",
    url  = "https://archive.ics.uci.edu/ml/datasets/Iris",
    addendum = "(accessed: 02.09.2020)"
}

@online{cancerdataset,
    author="Dr. WIlliam H. Wolberg",
    title = "Breast Cancer Wisconsin (Original) Data Set",
    url  = "https://archive.ics.uci.edu/ml/datasets/Breast+Cancer+Wisconsin+%28Original%29",
    addendum = "(accessed: 02.09.2020)"
}

@online{glassdataset,
    author="B. German",
    title = "Glass Identification Data Set",
    url  = "https://archive.ics.uci.edu/ml/datasets/Glass+Identification",
    addendum = "(accessed: 02.09.2020)"
}

@online{soybeandataset,
    author="Michalski,R.S.n",
    title = "Soybean (Small) Data Set",
    url  = "https://archive.ics.uci.edu/ml/datasets/Soybean+%28Small%29",
    addendum = "(accessed: 02.09.2020)"
}
@online{housedataset,
    author="Jeff Schlimmer",
    title = "Congressional Voting Records Data Set",
    url  = "https://archive.ics.uci.edu/ml/datasets/Congressional+Voting+Records",
    addendum = "(accessed: 02.09.2020)"
}

@article{backprop,
    author="Rumelhart, D.E, Hinton, G.E. and Williams, R.J.",
    title = "Learning representations by back-propogating errors.",
    year = "1986",
    journal = "Nature",
    pages = "533-536",
}

@article{textbook,
    author = "Ethem Alpaydin",
    title = "Introduction to Machine Learning",
    year = "2014"
}

@article{logistic_regression,
    author = "G.M. Fitzmaurice, N.M. Laird",
    title="Multivariate Analysis: Discrete Variables (Logistic Regression)",
    journal = "International Encyclopedia of the Social and Behavioral Sciences",
    year = "2001",
    pages = "10221-10228"
}

@book{deeplearning,
    title={Deep Learning},
    author={Ian Goodfellow and Yoshua Bengio and Aaron Courville},
    publisher={MIT Press},
    note={\url{http://www.deeplearningbook.org}},
    year={2016}
}