@online{ff_dataset,
    author="Paulo Corez, Anibal Morais",
    title = "Forest Fires",
    url  = "https://archive.ics.uci.edu/ml/machine-learning-databases/forest-fires/forestfires.csv",
    addendum = "(accessed: 03.08.2020)"
}

@online{cpu_dataset,
    author="Phillip Ein-Dor, Jacob Feldmesser",
    title="Relative CPU Performance Data",
    url = "https://archive.ics.uci.edu/ml/machine-learning-databases/cpu-performance/machine.data",
    addendum = "(accessed: 03.08.2020)"
}

@online{image_dataset,
    author="Vision Group",
    title="Image Segmentation Data",
    url="https://archive.ics.uci.edu/ml/machine-learning-databases/image/segmentation.data",
    addendum = "(accessed: 03.08.2020)"
}

@online{abalone_dataset,
    title="Abalone Data Set",
    author = "Sam Waugh",
    addendum = "(accessed: 03.08.2020)",
    url="https://archive.ics.uci.edu/ml/machine-learning-databases/abalone/abalone.data"
}

@online{wine_quality,
    title="Wine Quality Dataset",
    author="Paulo Cortex",
    addendum = "(accessed: 03.08.2020)",
    url="https://archive.ics.uci.edu/ml/machine-learning-databases/wine-quality/"
}

@online{car_dataset,
    title="Car Evaluation Dataset",
    author = "Marko Bohanec",
    addendum = "(accessed: 03.08.2020)",
    url="https://archive.ics.uci.edu/ml/datasets/Car+Evaluation"

}


@article{cart,
    author="Leo Breiman, JH Freidman, R Olshen, CJ Stone",
    title = "Classification and Regression Trees",
    publisher = "Capman and Hall/CRC",
    year = "1984"
}

@article{textbook,
    author = "Ethem Alpaydin",
    title = "Introduction to Machine Learning",
    year = "2014",
    pages = "222-223"
}

@article{id3,
    author = "JR Quinlan",
    title="Induction of Decision Trees",
    journal = "Machine Learning 1",
    year = "1986",
    pages = "81-106"
}