@online{housedataset,
    author="Jeff Schlimmer",
    title = "Congressional Voting Records Data Set",
    url  = "https://archive.ics.uci.edu/ml/datasets/Congressional+Voting+Records",
    addendum = "(accessed: 02.09.2020)"
}

@article{value_iteration,
    author="Richard Bellman",
    title = "A Markovian Decision Process",
    year = "1957",
    journal = "Indiana University Math Journal",
    pages = "679-684",
}

@article{textbook,
    author = "Ethem Alpaydin",
    title = "Introduction to Machine Learning",
    year = "2014"
}

@article{q_learning,
    author = "Francisco S. Melo",
    title="Convergence of Q-Learning: A Simple Proof"
}

@book{deeplearning,
    title={Deep Learning},
    author={Ian Goodfellow and Yoshua Bengio and Aaron Courville},
    publisher={MIT Press},
    note={\url{http://www.deeplearningbook.org}},
    year={2016}
}