@online{irisdataset,
    author="R.A Fisher",
    title = "Iris",
    url  = "https://archive.ics.uci.edu/ml/datasets/Iris",
    addendum = "(accessed: 02.09.2020)"
}

@online{cancerdataset,
    author="Dr. WIlliam H. Wolberg",
    title = "Breast Cancer Wisconsin (Original) Data Set",
    url  = "https://archive.ics.uci.edu/ml/datasets/Breast+Cancer+Wisconsin+%28Original%29",
    addendum = "(accessed: 02.09.2020)"
}

@online{glassdataset,
    author="B. German",
    title = "Glass Identification Data Set",
    url  = "https://archive.ics.uci.edu/ml/datasets/Glass+Identification",
    addendum = "(accessed: 02.09.2020)"
}

@online{soybeandataset,
    author="Michalski,R.S.n",
    title = "Soybean (Small) Data Set",
    url  = "https://archive.ics.uci.edu/ml/datasets/Soybean+%28Small%29",
    addendum = "(accessed: 02.09.2020)"
}
@online{housedataset,
    author="Jeff Schlimmer",
    title = "Congressional Voting Records Data Set",
    url  = "https://archive.ics.uci.edu/ml/datasets/Congressional+Voting+Records",
    addendum = "(accessed: 02.09.2020)"
}

@article{winnow2,
    author="Nick Littlestone", 
    title = "Learning Quickly When Irrelevant Attributed Abound: A New Linear-threshold Algorithm",
    journal = "Machine Learning 2",
    volume = "285-318",
    pages = "285-318",
    year = "1988",
    url="https://link.springer.com/content/pdf/10.1023/A:1022869011914.pdf"
}